<record xmlns:xsi="http://www.w3.org/2001/XMLSchema-instance" xmlns="http://www.loc.gov/MARC21/slim" xsi:schemaLocation="http://www.loc.gov/MARC21/slim http://www.loc.gov/standards/marcxml/schema/MARC21slim.xsd">

  <leader>00527nam a2200157Ia 4500</leader>
  <datafield tag="090" ind1=" " ind2=" ">
    <subfield code="a">CD #52</subfield>
  </datafield>
  <datafield ind1=" " ind2=" " tag="110">
    <subfield code="a">Universidad Abierta Para Adultos</subfield>
  </datafield>
  <datafield ind1=" " ind2=" " tag="245">
    <subfield code="a">1er. Congreso "Tecnologías de Información y Comunicación, y Educación a Distancia" : desafíos en el desarrollo de América Latina</subfield>
  </datafield>
  <datafield ind1=" " ind2=" " tag="260">
    <subfield code="a">República Dominicana : </subfield>
    <subfield code="b">UAPA/CREAD, </subfield>
    <subfield code="c">2003</subfield>
  </datafield>
  <datafield ind2=" " ind1=" " tag="300">
    <subfield code="a">CD-ROM</subfield>
  </datafield>
  <datafield tag="650" ind2=" " ind1=" ">
    <subfield code="a">TECNOLOGIAS DE INFORMACION </subfield>
  </datafield>
  <datafield ind1=" " ind2=" " tag="650">
    <subfield code="a">DESARROLLO </subfield>
  </datafield>
  <datafield ind2=" " ind1=" " tag="650">
    <subfield code="a">ENSEÑANZA A DISTANCIA</subfield>
  </datafield>
  <datafield ind2=" " ind1=" " tag="651">
    <subfield code="a">AMERICA LATINA </subfield>
  </datafield>
  <datafield tag="942" ind1=" " ind2=" ">
    <subfield code="p">001511 </subfield>
  </datafield>
  <datafield ind2=" " ind1=" " tag="999">
    <subfield code="c">2503</subfield>
    <subfield code="d">2503</subfield>
  </datafield>
</record>